@Misc{signals,
    author = {Tadas Meškauskas},
    title = {Signalų analizė ir apdorojimas (mokymo priemonė ir paskaitų skaidrės)}}
